@misc{Multidimensional-Scaling-Sammon-Mapping-and-Isomap,
  doi       = {10.48550/ARXIV.2009.08136},
  url       = {https://arxiv.org/abs/2009.08136},
  author    = {Ghojogh, Benyamin and Ghodsi, Ali and Karray, Fakhri and Crowley, Mark},
  title     = {Multidimensional Scaling, Sammon Mapping, and Isomap: Tutorial and Survey},
  publisher = {arXiv},
  year      = {2020},
  copyright = {arXiv.org perpetual, non-exclusive license}
}


@article{multi-dimensional-scaling-leeuw,
  author = {de Leeuw, Jan},
  year   = {2000},
  month  = {03},
  title  = {Multidimensional Scaling}
}