@article{probst2019tunability,
  title     = {Tunability: Importance of hyperparameters of machine learning algorithms},
  author    = {Probst, Philipp and Boulesteix, Anne-Laure and Bischl, Bernd},
  journal   = {The Journal of Machine Learning Research},
  year      = {2019},
  publisher = {JMLR. org}
}