@misc{Drunge,
  author  = {{Daniel Runge Petersen}},
  url     = {https://github.com/AAU-Dat/templates},
  title   = {AAU-Dat templates},
  urldate = {2022-08-17}
}

@misc{Projectmodule,
  organization = {Aalborg University},
  url          = {https://moduler.aau.dk/course/2022-2023/DSNDATB521},
  title        = {Theory-driven Data Analysis and Modeling},
  urldate      = {2022-09-27}
}

@misc{IBM-machine-intelligence,
  organization = {IBM},
  url          = {https://www.ibm.com/cloud/learn/machine-learning},
  title        = {Machine Learning},
  urldate      = {2022-09-27}
}

@misc{IBM-computer-vision,
  organization = {IBM},
  url          = {https://www.ibm.com/topics/computer-vision},
  title        = {What is computer vision?},
  urldate      = {2022-09-27}
}

@misc{ml-pipeline-javapoint,
  organization = {javapoint},
  url          = {https://www.javatpoint.com/machine-learning-pipeline},
  title        = {Machine Learning Pipeline},
  urldate      = {2022-10-04}
}

@misc{lecun-mnist-database,
  organization = {Yann LeCun},
  url          = {http://yann.lecun.com/exdb/mnist/},
  title        = {MNIST database},
  urldate      = {2022-10-04}
}

@article{linear-dimensionality-reduction-insights,
  title     = {Linear dimensionality reduction: Survey, insights, and generalizations},
  author    = {Cunningham, John P and Ghahramani, Zoubin},
  journal   = {The Journal of Machine Learning Research},
  volume    = {16},
  number    = {1},
  pages     = {2859--2900},
  year      = {2015},
  publisher = {JMLR. org}
}

@article{dimensionality-reduction-comparative-review,
  title   = {Dimensionality reduction: a comparative},
  author  = {Van Der Maaten, Laurens and Postma, Eric and Van den Herik, Jaap and others},
  journal = {J Mach Learn Res},
  volume  = {10},
  number  = {66-71},
  pages   = {13},
  year    = {2009}
}

@misc{MNIST,
  author  = {Yann LeCun, Corinna Cortes, Christopher J.C. Burges},
  url     = {http://yann.lecun.com/exdb/mnist/},
  title   = {THE MNIST DATABASE},
  urldate = {2022-10-06}
}
@misc{Stochastic-optimization-neural-networks-assiri,
  author  = {Yahia Saeed Assiri},
  url     = {https://arxiv.org/ftp/arxiv/papers/2001/2001.08856.pdf},
  title   = {Stochastic Optimization of Plain Convolutional Neural Networks with Simple methods},
  urldate = {2022-10-11}
}
@article{BYERLY2021545,
  title  = {No routing needed between capsules},
  year   = {2021},
  issn   = {0925-2312},
  doi    = {https://doi.org/10.1016/j.neucom.2021.08.064},
  url    = {https://www.sciencedirect.com/science/article/pii/S0925231221012546},
  author = {Adam Byerly and Tatiana Kalganova and Ian Dear}
}
@misc{convolutional-neural-networks-convnets,
  doi    = {10.48550/ARXIV.2008.10400},
  url    = {https://arxiv.org/abs/2008.10400},
  author = {An, Sanghyeon and Lee, Minjun and Park, Sanglee and Yang, Heerin and So, Jungmin},
  title  = {An Ensemble of Simple Convolutional Neural Network Models for MNIST Digit Recognition},
  year   = {2020}
}
@inproceedings{Multi-column-neural-network-ciregan,
  author = {Ciregan, Dan and Meier, Ueli and Schmidhuber, Jürgen},
  title  = {Multi-column deep neural networks for image classification},
  year   = {2012},
  doi    = {10.1109/CVPR.2012.6248110}
}
@misc{WaveMix-jeevan,
  doi    = {10.48550/ARXIV.2205.14375},
  url    = {https://arxiv.org/abs/2205.14375},
  author = {Jeevan, Pranav and Viswanathan, Kavitha and Sethi, Amit},
  title  = {WaveMix-Lite: A Resource-efficient Neural Network for Image Analysis},
  year   = {2022}
}
@misc{MnistStatictics,
  organization = {Paperswithcode},
  url          = {https://paperswithcode.com/sota/image-classification-on-mnist},
  title        = {Image Classification on MNIST},
  urldate      = {2022-10-11}
}
@misc{WhatIsLogisticRegression,
  organization = {IBM},
  url          = {https://www.ibm.com/topics/logistic-regression},
  title        = {What is logistic regression?},
  urldate      = {2022-10-11}
}
@misc{SupervisedLearning,
  organization = {IBM},
  url          = {https://www.ibm.com/cloud/learn/supervised-learning},
  title        = {Supervised learning},
  urldate      = {2022-10-11}
}
@misc{LogisticRegressionProsAndCons,
  organization = {Medium},
  url          = {https://medium.datadriveninvestor.com/logistic-regression-essential-things-to-know-a4fe0bb8d10a},
  title        = {Logistic Regression: Essential Things to Know},
  urldate      = {2022-10-11}
}
@misc{K-NearestNeighborsIBM,
  organization = {IBM},
  url          = {https://www.ibm.com/topics/knn#:~:text=The%20k%2Dnearest%20neighbors%20algorithm%2C%20also%20known%20as%20KNN%20or,of%20an%20individual%20data%20point},
  title        = {K-Nearest Neighbors Algorithm},
  urldate      = {2022-10-11}
}
@misc{SupportVectorMachines,
  organization = {Towards Data Science},
  url          = {https://towardsdatascience.com/support-vector-machine-introduction-to-machine-learning-algorithms-934a444fca47},
  title        = {Support Vector Machine — Introduction to Machine Learning Algorithms},
  urldate      = {2022-10-11}
}
@misc{SVMProsAndCons,
  organization = {Roboticsbiz},
  url          = {https://roboticsbiz.com/pros-and-cons-of-support-vector-machine-svm/},
  title        = {Pros And Cons Of Support Vector Machine (SVM)},
  urldate      = {2022-09-10}
}
@misc{CNNIBM,
  organization = {IBM},
  url          = {https://www.ibm.com/cloud/learn/convolutional-neural-networks},
  title        = {How do convolutional neural networks work?},
  urldate      = {2022-10-11}
}
@misc{CNNProsAndCons,
  organization = {GeeksforGeeks},
  url          = {https://www.geeksforgeeks.org/difference-between-ann-cnn-and-rnn/},
  title        = {Difference between ANN, CNN and RNN},
  urldate      = {2022-10-11}
}

@misc{factor-analysis-introduction,
  author = {Bruin, J.},
  title  = {newtest: command to compute new test {@ONLINE}},
  month  = FEB,
  year   = {2011},
  url    = {https://stats.oarc.ucla.edu/stata/ado/analysis/}
}
@article{non-negative-matrix-factorization,
  title   = {The why and how of nonnegative matrix factorization},
  author  = {Gillis, Nicolas},
  journal = {Connections},
  volume  = {12},
  number  = {2},
  year    = {2014}
}
@article{linear-discriminant-analysis-tutorial,
  title     = {Linear discriminant analysis: A detailed tutorial},
  author    = {Tharwat, Alaa and Gaber, Tarek and Ibrahim, Abdelhameed and Hassanien, Aboul Ella},
  journal   = {AI communications},
  volume    = {30},
  number    = {2},
  pages     = {169--190},
  year      = {2017},
  publisher = {IOS Press}
}