@book{poynton2012digital,
  title={Digital Video and HD: Algorithms and Interfaces},
  author={Poynton, C.},
  isbn={9780123919328},
  year={2012},
}

@misc{scikit-learn-PCA,
  year = {2022},
  month = {Nov 22},
  title = {sklearn.decomposition.PCA},
  url = {https://scikit-learn.org/stable/modules/generated/sklearn.decomposition.PCA.html#sklearn.decomposition.PCA.fit}
}

@article{data-preparation-for-data-mining,
  author = { Shichao, Zhang and Chengqi, Zhang and Qiang, Yang },
  title = {Data preparation for data mining},
  year = {2003},
  doi = {10.1080/713827180},
  url = {https://doi.org/10.1080/713827180},
}

@INPROCEEDINGS{Data-preprocessing-for-flight-delays,
  author={Moreira, Leonardo and Dantas, Christofer and Oliveira, Leonardo and Soares, Jorge and Ogasawara, Eduardo},   
  title={On Evaluating Data Preprocessing Methods for Machine Learning Models for Flight Delays},
  year={2018},
  doi={10.1109/IJCNN.2018.8489294},
}

@article{ShortenConnor2019AsoI,
title = {A survey on Image Data Augmentation for Deep Learning},
year = {2019},
author = {Shorten, Connor and Khoshgoftaar, Taghi M.},
}

@article{MAHARANA202291,
title = {A review: Data pre-processing and data augmentation techniques},
journal = {Global Transitions Proceedings},
year = {2022},
doi = {https://doi.org/10.1016/j.gltp.2022.04.020},
url = {https://www.sciencedirect.com/science/article/pii/S2666285X22000565},
author = {Kiran Maharana and Surajit Mondal and Bhushankumar Nemade},
}

@book{gonzalez2008digital,
  author = {Gonzalez, Rafael C. and Woods, Richard E.},
  isbn = {9780131687288 013168728X 9780135052679 013505267X},
  title = {Digital image processing},
  year = {2008}
}

@misc{faster-svm,
  doi = {10.48550/ARXIV.1808.06394},
  url = {https://arxiv.org/abs/1808.06394},
  author = {Schlag, Sebastian and Schmitt, Matthias and Schulz, Christian},
  title = {Faster Support Vector Machines},
  year = {2018}
}

@book{james-statistical-learning1,
  author = {James, Gareth and Witten, Daniela and Hastie, Trevor and Tibshirani, Robert},
  title = {An Introduction to Statistical Learning: with Applications in R },
  url = {https://hastie.su.domains/ISLR2/ISLRv2_website.pdf},
  year = {2013}
}

@misc{iris-dataset,
  author = {Dua, Dheeru and Graff, Casey},
  year = {2017},
  title = {{UCI} Machine Learning Repository},
  url = {http://archive.ics.uci.edu/ml}
}

@book{poynton2012digital,
  title={Digital Video and HD: Algorithms and Interfaces},
  author={Poynton, C.},
  isbn={9780123919328},
  year={2012}
}

@article{linear-algebra-margalit,
  title={Interactive linear algebra},
  author={Margalit, Dan and Rabinoff, Joseph and Rolen, L},
  year={2017}
}

@book{avriel2003nonlinear,
  title={Nonlinear programming: analysis and methods},
  author={Avriel, Mordecai},
  year={2003}
}

@misc{datasets-uniqtech,
  author = {Uniqtech},
  title = {Famous Machine Learning Datasets You Need to Know},
  url = {https://medium.com/data-science-bootcamp/famous-machine-learning-datasets-you-need-to-know-dd031bf74dd},
  year = {2019}
}

@misc{picture,
  organisation = {North Coast Photografic Services},
  title = {digital imagery questions},
  url = {https://northcoastphoto.com/digital-explained/},
  year = {2018}
}

@misc{hyperparameter-tuning,
author = {Anyscale},
url = {https://www.anyscale.com/blog/what-is-hyperparameter-tuning},
title = {What is hyperparameter tuning?},
urldate = {2022-02-08}
}

@misc{confusion-matrix,
  organisation = {packtpub},
  title = {Confusion Matrix},
  url = {https://subscription.packtpub.com/book/data/9781838555078/6/ch06lvl1sec34/confusion-matrix},
  year = {2022}
}